<?xml version="1.0" encoding="UTF-8"?><collection xmlns="http://www.loc.gov/MARC21/slim"><record><leader>00395nam--2200145-i-4500</leader><controlfield tag="001">000026605</controlfield><controlfield tag="002">20161230</controlfield><controlfield tag="005">20161230201036</controlfield><controlfield tag="008">060222s1000------------r-----000-0-eng-d</controlfield><datafield ind1=" " ind2=" " tag="080"><subfield code="a">517.53</subfield></datafield><datafield ind1="1" ind2=" " tag="100"><subfield code="a">Kecs, Wilhelm</subfield></datafield><datafield ind1=" " ind2=" " tag="245"><subfield code="a">Complemente de matematici cu aplicatii in tehnica</subfield></datafield><datafield ind1=" " ind2=" " tag="260"><subfield code="a">Bucuresti, Ed.Tehnica, 1981, 318p</subfield></datafield><datafield ind1=" " ind2=" " tag="852"><subfield code="a">49478</subfield><subfield code="c">517.53 : 517.55</subfield></datafield><datafield ind1=" " ind2=" " tag="CAT"><subfield code="a">Sys</subfield><subfield code="c">20080820</subfield><subfield code="h">133834</subfield></datafield></record></collection>